<?xml version="1.0" encoding="UTF-8"?>
<collection xmlns:xsi="http://www.w3.org/2001/XMLSchema-instance" xsi:schemaLocation="http://www.loc.gov/MARC21/slim http://www.loc.gov/standards/marcxml/schema/MARC21slim.xsd" xmlns="http://www.loc.gov/MARC21/slim">
<record>
  <leader>00722nam a22001931  4500</leader>
  <controlfield tag="001">3071234</controlfield>
  <controlfield tag="003">NNC</controlfield>
  <controlfield tag="005">20030429142358.0</controlfield>
  <controlfield tag="008">010821s1936    ua            000 0 ara d</controlfield>
  <datafield tag="035" ind1=" " ind2=" ">
    <subfield code="a">(OCoLC)ocm47813203</subfield>
  </datafield>
  <datafield tag="035" ind1=" " ind2=" ">
    <subfield code="9">ATP4193CU</subfield>
  </datafield>
  <datafield tag="040" ind1=" " ind2=" ">
    <subfield code="a">ZCU</subfield>
    <subfield code="c">ZCU</subfield>
  </datafield>
  <datafield tag="099" ind1=" " ind2=" ">
    <subfield code="a">893.79</subfield>
    <subfield code="a">Is4</subfield>
  </datafield>
  <datafield tag="100" ind1="1" ind2=" ">
    <subfield code="a">Iskandarī, Aḥmad.</subfield>
  </datafield>
  <datafield tag="245" ind1="1" ind2="3">
    <subfield code="a">al-Mufaṣṣal fī tārīkh al-adab al-ʻarabī,</subfield>
    <subfield code="b">lil-madāris al-thanawīyah,</subfield>
    <subfield code="c">taʾlīf Aḥmad al-Iskandarī, Aḥmad Amīn, ʻAlī al-Jārim, ʻAbd-al-ʻAzīz al-Bishrī, Aḥmad Ḍayf.</subfield>
  </datafield>
  <datafield tag="260" ind1=" " ind2=" ">
    <subfield code="a">al-Qāhirah,</subfield>
    <subfield code="b">al-Maṭb. al-Amīrīyah bi-Būlāq,</subfield>
    <subfield code="c">1936.</subfield>
  </datafield>
  <datafield tag="300" ind1=" " ind2=" ">
    <subfield code="a">2 v.</subfield>
  </datafield>
  <datafield tag="500" ind1=" " ind2=" ">
    <subfield code="a">At head of title: Wizārat al-Maʻārif al-ʻUmūmīyah.</subfield>
  </datafield>
  <datafield tag="955" ind1=" " ind2=" ">
    <subfield code="b">0315334830</subfield>
    <subfield code="d">glx</subfield>
    <subfield code="e">893.79 Is4</subfield>
    <subfield code="v">v.2</subfield>
  </datafield>
</record>
</collection>